<?xml version="1.0" encoding="UTF-8"?><collection xmlns="http://www.loc.gov/MARC21/slim"><record><leader>00327nam--2200121-i-4500</leader><controlfield tag="001">000034038</controlfield><controlfield tag="002">20161230</controlfield><controlfield tag="005">20161230201039</controlfield><controlfield tag="008">060222s1000------------r-----000-0-eng-d</controlfield><datafield ind1=" " ind2=" " tag="100"><subfield code="a">Muller, Ralph, H., Garman, R.L. Droz, M.E</subfield></datafield><datafield ind1=" " ind2=" " tag="245"><subfield code="a">Experimental electronics</subfield></datafield><datafield ind1=" " ind2=" " tag="260"><subfield code="a">New York, Prentice-hall, 1951, Xv + 33op</subfield></datafield><datafield ind1=" " ind2=" " tag="852"><subfield code="a">10879</subfield></datafield></record></collection>